% Encoding: UTF-8
%------------------------------------------------------------------------
%%%%%%%%%%%%%%%%%%%%%%%%%%%%%%%%%%%%%%%%%%%%%
% ch1. 立体视觉的研究概况
%%%%%%%%%%%%%%%%%%%%%%%%%%%%%%%%%%%%%%%%%%%%%

%------------------------------------------------------------------------
% 1.3 立体匹配的研究概况
% 1.3.1 传统立体匹配方法

@article{Barnard:1982:CS:356893.356896,
	author = {Barnard, Stephen T. and Fischler, Martin A.},
	title = {Computational Stereo},
	journal = {ACM Comput. Surv.},
	issue_date = {Dec. 1982},
	volume = {14},
	number = {4},
	month = dec,
	year = {1982},
	issn = {0360-0300},
	pages = {553--572},
	numpages = {20},
	url = {http://doi.acm.org/10.1145/356893.356896},
	doi = {10.1145/356893.356896},
	acmid = {356896},
	publisher = {ACM},
	address = {New York, NY, USA},
} 

@Article{Scharstein2002,
	author="Scharstein, Daniel	and Szeliski, Richard",
	title="A Taxonomy and Evaluation of Dense Two-Frame Stereo Correspondence Algorithms",
	journal="International Journal of Computer Vision",
	year="2002",
	month="Apr",
	day="01",
	volume="47",
	number="1",
	pages="7--42",
	issn="1573-1405",
	doi="10.1023/A:1014573219977",
	url="https://doi.org/10.1023/A:1014573219977"
}

@INPROCEEDINGS{Geiger2012,
	author={A. Geiger and P. Lenz and R. Urtasun},
	booktitle={2012 IEEE Conference on Computer Vision and Pattern Recognition},
	title={Are we ready for autonomous driving? The KITTI vision benchmark suite},
	year={2012},
	volume={},
	number={},
	pages={3354-3361},
	keywords={SLAM (robots);image sequences;object detection;robot vision;stereo image processing;video signal processing;3D object detection;KITTI vision benchmark suite;Middlebury perform;SLAM;Velodyne laser scanner;autonomous driving;high resolution video cameras;optical flow image pairs;stereo visual odometry sequences;visual recognition systems;Benchmark testing;Cameras;Measurement;Optical imaging;Optical sensors;Visualization},
	doi={10.1109/CVPR.2012.6248074},
	ISSN={1063-6919},
	month={June},}

@InProceedings{Menze_2015_CVPR,
	author = {Menze, Moritz and Geiger, Andreas},
	title = {Object Scene Flow for Autonomous Vehicles},
	booktitle = {The IEEE Conference on Computer Vision and Pattern Recognition (CVPR)},
	month = {June},
	year = {2015}
} 

@Article{Birchfield1999,
	author="Birchfield, Stan
	and Tomasi, Carlo",
	title="Depth Discontinuities by Pixel-to-Pixel Stereo",
	journal="International Journal of Computer Vision",
	year="1999",
	month="Dec",
	day="01",
	volume="35",
	number="3",
	pages="269--293",
	issn="1573-1405",
	doi="10.1023/A:1008160311296",
	url="https://doi.org/10.1023/A:1008160311296"
}

@INPROCEEDINGS{SGM_3,
	author={A. Klaus and M. Sormann and K. Karner},
	booktitle={18th International Conference on Pattern Recognition (ICPR'06)},
	title={Segment-Based Stereo Matching Using Belief Propagation and a Self-Adapting Dissimilarity Measure},
	year={2006},
	volume={3},
	number={},
	pages={15-18},
	keywords={belief maintenance;geometry;image colour analysis;image matching;image segmentation;stereo image processing;Middlebury stereo test bed;belief propagation;color segmentation;optimal disparity plane labeling;planar surface patches;segment-based stereo matching;self-adapting dissimilarity measure;self-adapting matching score;Belief propagation;Brightness;Image segmentation;Image sensors;Labeling;Layout;Pixel;Robustness;Signal to noise ratio;Testing},
	doi={10.1109/ICPR.2006.1033},
	ISSN={1051-4651},
	month={},}

@Article{Viola1997,
	author="Viola, Paul
	and Wells III, William M.",
	title="Alignment by Maximization of Mutual Information",
	journal="International Journal of Computer Vision",
	year="1997",
	month="Sep",
	day="01",
	volume="24",
	number="2",
	pages="137--154",
	issn="1573-1405",
	doi="10.1023/A:1007958904918",
	url="https://doi.org/10.1023/A:1007958904918"
}

@inproceedings{SGM_6,
	title={Visual correspondence using energy minimization and mutual information},
	author={Kim, Junhwan and others},
	booktitle={Computer Vision, 2003. Proceedings. Ninth IEEE International Conference on},
	pages={1033--1040},
	year={2003},
	organization={IEEE}
}

@Article{Hirschmüller2002,
	author="Hirschm{\"u}ller, Heiko
	and Innocent, Peter R.
	and Garibaldi, Jon",
	title="Real-Time Correlation-Based Stereo Vision with Reduced Border Errors",
	journal="International Journal of Computer Vision",
	year="2002",
	month="Apr",
	day="01",
	volume="47",
	number="1",
	pages="229--246",
	issn="1573-1405",
	doi="10.1023/A:1014554110407",
	url="https://doi.org/10.1023/A:1014554110407"
}

@ARTICLE{SGM_10,
	author={Kuk-Jin Yoon and In So Kweon},
	journal={IEEE Transactions on Pattern Analysis and Machine Intelligence},
	title={Adaptive support-weight approach for correspondence search},
	year={2006},
	volume={28},
	number={4},
	pages={650-656},
	doi={10.1109/TPAMI.2006.70},
	ISSN={0162-8828},
	month={April},}

@inproceedings{Zitnick:2004,
	author = {Zitnick, C. Lawrence and Kang, Sing Bing and Uyttendaele, Matthew and Winder, Simon and Szeliski, Richard},
	title = {High-quality Video View Interpolation Using a Layered Representation},
	booktitle = {ACM SIGGRAPH 2004 Papers},
	series = {SIGGRAPH '04},
	year = {2004},
	location = {Los Angeles, California},
	pages = {600--608},
	numpages = {9},
	url = {http://doi.acm.org/10.1145/1186562.1015766},
	doi = {10.1145/1186562.1015766},
	acmid = {1015766},
	publisher = {ACM},
	address = {New York, NY, USA},
	keywords = {Computer Vision, Dynamic Scenes, Image-Based Rendering},
} 

@INPROCEEDINGS{SGM_13,
	author={V. Kolmogorov and R. Zabih},
	booktitle={Proceedings Eighth IEEE International Conference on Computer Vision. ICCV 2001},
	title={Computing visual correspondence with occlusions using graph cuts},
	year={2001},
	volume={2},
	number={},
	pages={508-515 vol.2},
	keywords={computational geometry;computer graphics;computer vision;disparities;graph cuts;occlusions;visual correspondence;Computer science;Minimization methods;Motion detection;Pixel},
	doi={10.1109/ICCV.2001.937668},
	ISSN={},
	month={},}

@Article{VanMeerbergen2002,
	author="Van Meerbergen, G.
	and Vergauwen, M.
	and Pollefeys, M.
	and Van Gool, L.",
	title="A Hierarchical Symmetric Stereo Algorithm Using Dynamic Programming",
	journal="International Journal of Computer Vision",
	year="2002",
	month="Apr",
	day="01",
	volume="47",
	number="1",
	pages="275--285",
	issn="1573-1405",
	doi="10.1023/A:1014562312225",
	url="https://doi.org/10.1023/A:1014562312225"
}

@ARTICLE{Hirschmuller08,
	author={H. Hirschmuller},
	journal={IEEE Transactions on Pattern Analysis and Machine Intelligence},
	title={Stereo Processing by Semiglobal Matching and Mutual Information},
	year={2008},
	volume={30},
	number={2},
	pages={328-341},
	keywords={image matching;image reconstruction;stereo image processing;3D reconstruction;multibaseline matching;mutual information based matching;occlusion detection;orthographic projection;pathwise optimization;pixelwise matching;radiometric transformation;semiglobal matching;stereo processing;subpixel refinement;global optimization;multi-baseline;mutual information;stereo},
	doi={10.1109/TPAMI.2007.1166},
	ISSN={0162-8828},
	month={Feb},}

@ARTICLE{MRF,
	author={L. Zhang and S. M. Seitz},
	journal={IEEE Transactions on Pattern Analysis and Machine Intelligence},
	title={Estimating Optimal Parameters for MRF Stereo from a Single Image Pair},
	year={2007},
	volume={29},
	number={2},
	pages={331-342},
	doi={10.1109/TPAMI.2007.36},
	ISSN={0162-8828},
	month={Feb},}

@Article{CRF,
	author="Pal, Christopher J.
	and Weinman, Jerod J.
	and Tran, Lam C.
	and Scharstein, Daniel",
	title="On Learning Conditional Random Fields for Stereo",
	journal="International Journal of Computer Vision",
	year="2012",
	month="Sep",
	day="01",
	volume="99",
	number="3",
	pages="319--337",
	issn="1573-1405",
	doi="10.1007/s11263-010-0385-z",
	url="https://doi.org/10.1007/s11263-010-0385-z"
}
%------------------------------------------------------------------------
% 1.3.2 基于深度学习的立体匹配方法

% ELAS
@inproceedings{geiger2010efficient,
	title={Efficient large-scale stereo matching},
	author={Geiger, Andreas and Roser, Martin and Urtasun, Raquel},
	booktitle={Asian conference on computer vision},
	pages={25--38},
	year={2010},
	organization={Springer}
}

@inproceedings{hirschmuller2005accurate,
	title={Accurate and efficient stereo processing by semi-global matching and mutual information},
	author={Hirschmuller, Heiko},
	booktitle={Computer Vision and Pattern Recognition, 2005. CVPR 2005. IEEE Computer Society Conference on},
	volume={2},
	pages={807--814},
	year={2005},
	organization={IEEE}
}

@inproceedings{krizhevsky2012imagenet,
	title={Imagenet classification with deep convolutional neural networks},
	author={Krizhevsky, Alex and Sutskever, Ilya and Hinton, Geoffrey E},
	booktitle={Advances in neural information processing systems},
	pages={1097--1105},
	year={2012}
}

@inproceedings{girshick2014rich,
	title={Rich feature hierarchies for accurate object detection and semantic segmentation},
	author={Girshick, Ross and Donahue, Jeff and Darrell, Trevor and Malik, Jitendra},
	booktitle={Proceedings of the IEEE conference on computer vision and pattern recognition},
	pages={580--587},
	year={2014}
}

@article{badrinarayanan2015segnet,
	title={Segnet: A deep convolutional encoder-decoder architecture for image segmentation},
	author={Badrinarayanan, Vijay and Kendall, Alex and Cipolla, Roberto},
	journal={arXiv preprint arXiv:1511.00561},
	year={2015}
}

% MatchNet
@InProceedings{Han_2015_CVPR,
	author = {Han, Xufeng and Leung, Thomas and Jia, Yangqing and Sukthankar, Rahul and Berg, Alexander C.},
	title = {MatchNet: Unifying Feature and Metric Learning for Patch-Based Matching},
	booktitle = {The IEEE Conference on Computer Vision and Pattern Recognition (CVPR)},
	month = {June},
	year = {2015}
} 

% MC-CNN-fst
@article{zbontar2016stereo,
	title={Stereo matching by training a convolutional neural network to compare image patches},
	author={Zbontar, Jure and LeCun, Yann},
	journal={Journal of Machine Learning Research},
	volume={17},
	number={1-32},
	pages={2},
	year={2016}
}

% Content-CNN
@inproceedings{luo2016efficient,
	title={Efficient deep learning for stereo matching},
	author={Luo, Wenjie and Schwing, Alexander G and Urtasun, Raquel},
	booktitle={Proceedings of the IEEE Conference on Computer Vision and Pattern Recognition},
	pages={5695--5703},
	year={2016}
}

% DRR
@article{gidaris2016detect,
	title={Detect, Replace, Refine: Deep Structured Prediction For Pixel Wise Labeling},
	author={Gidaris, Spyros and Komodakis, Nikos},
	journal={arXiv preprint arXiv:1612.04770},
	year={2016}
}

% SPS-Stereo
@inproceedings{yamaguchi2014,
title={Efficient joint segmentation, occlusion labeling, stereo and flow estimation},
author={Yamaguchi, Koichiro and McAllester, David and Urtasun, Raquel},
booktitle={European Conference on Computer Vision},
pages={756--771},
year={2014},
organization={Springer}
}

%Displets
@inproceedings{guney2015displets,
	title={Displets: Resolving stereo ambiguities using object knowledge},
	author={Guney, Fatma and Geiger, Andreas},
	booktitle={Proceedings of the IEEE Conference on Computer Vision and Pattern Recognition},
	pages={4165--4175},
	year={2015}
}

% DispNet
@inproceedings{mayer2016large,
	title={A large dataset to train convolutional networks for disparity, optical flow, and scene flow estimation},
	author={Mayer, Nikolaus and Ilg, Eddy and Hausser, Philip and Fischer, Philipp and Cremers, Daniel and Dosovitskiy, Alexey and Brox, Thomas},
	booktitle={Proceedings of the IEEE Conference on Computer Vision and Pattern Recognition},
	pages={4040--4048},
	year={2016}
}

% GC-Net
@article{kendall2017end,
	title={End-to-End Learning of Geometry and Context for Deep Stereo Regression},
	author={Kendall, Alex and Martirosyan, Hayk and Dasgupta, Saumitro and Henry, Peter and Kennedy, Ryan and Bachrach, Abraham and Bry, Adam},
	journal={arXiv preprint arXiv:1703.04309},
	year={2017}
}

% CRL
@inproceedings{pang2017cascade,
	title={Cascade Residual Learning: A Two-Stage Convolutional Neural Network for Stereo Matching},
	author={Pang, Jiahao and Sun, Wenxiu and Ren, Jimmy SJ and Yang, Chengxi and Yan, Qiong},
	booktitle={Proceedings of the IEEE Conference on Computer Vision and Pattern Recognition},
	pages={887--895},
	year={2017}
}


%------------------------------------------------------------------------
%%%%%%%%%%%%%%%%%%%%%%%%%%%%%%%%%%%%%%%%%%%%%
% ch2. 
%%%%%%%%%%%%%%%%%%%%%%%%%%%%%%%%%%%%%%%%%%%%%
% 2.1 摄像机模型
@inproceedings{zhang1999flexible,
	title={Flexible camera calibration by viewing a plane from unknown orientations},
	author={Zhang, Zhengyou},
	booktitle={Computer Vision, 1999. The Proceedings of the Seventh IEEE International Conference on},
	volume={1},
	pages={666--673},
	year={1999},
	organization={Ieee}
}

@article{zhang2000flexible,
	title={A flexible new technique for camera calibration},
	author={Zhang, Zhengyou},
	journal={IEEE Transactions on pattern analysis and machine intelligence},
	volume={22},
	number={11},
	pages={1330--1334},
	year={2000},
	publisher={IEEE}
}

% 2.1.2 摄像机线性模型
@book{GaryBradski2009学习,
	title={学习OpenCV(中文版)},
	author={GaryBradski and AdrianKaehler and 布拉德斯基 and 克勒 and 于仕琪 and 刘瑞祯},
	publisher={清华大学出版社},
	year={2009},
}

% 2.1.3 摄像机非线性模型
@book{hartley2003multiple,
	title={Multiple view geometry in computer vision},
	author={Hartley, Richard and Zisserman, Andrew},
	year={2003},
	publisher={Cambridge university press}
}

@article{ricolfe2010lens,
	title={Lens distortion models evaluation},
	author={Ricolfe-Viala, Carlos and Sanchez-Salmeron, Antonio-Jose},
	journal={Applied optics},
	volume={49},
	number={30},
	pages={5914--5928},
	year={2010},
	publisher={Optical Society of America}
}

@article{weng1992camera,
	title={Camera calibration with distortion models and accuracy evaluation},
	author={Weng, Juyang and Cohen, Paul and Herniou, Marc and others},
	journal={IEEE Transactions on pattern analysis and machine intelligence},
	volume={14},
	number={10},
	pages={965--980},
	year={1992}
}

% 2.2.1 单目摄像机标定
@phdthesis{李小平2008双目视觉立体测量研究,
	title={双目视觉立体测量研究},
	author={李小平},
	school={中国科学技术大学},
	year={2008},
}

@phdthesis{时洪光2010基于双目视觉的运动目标定位研究,
	title={基于双目视觉的运动目标定位研究},
	author={时洪光},
	school={青岛大学},
	year={2010},
}

@article{李洪海2007摄像机标定技术研究,
	title={摄像机标定技术研究},
	author={李洪海 and 王敬东},
	journal={光学仪器},
	volume={29},
	number={4},
	pages={7-12},
	year={2007},
}

@phdthesis{王德海2016基于双目立体视觉的目标识别与抓取定位,
	title={基于双目立体视觉的目标识别与抓取定位},
	author={王德海},
	school={吉林大学},
	year={2016},
}

% 2.3 双目立体视觉原理
@phdthesis{kowalczuk2015robust,
	title={Robust and real-time stereo matching on parallel graphics hardware using gradient-based disparity refinement},
	author={Kowalczuk, Jedrzej},
	year={2015},
	school={The University of Nebraska-Lincoln}
}

% 2.3.4 立体校正
@article{hartley1999theory,
	title={Theory and practice of projective rectification},
	author={Hartley, Richard I},
	journal={International Journal of Computer Vision},
	volume={35},
	number={2},
	pages={115--127},
	year={1999},
	publisher={Springer}
}

@article{tsai1987versatile,
	title={A versatile camera calibration technique for high-accuracy 3D machine vision metrology using off-the-shelf TV cameras and lenses},
	author={Tsai, Roger},
	journal={IEEE Journal on Robotics and Automation},
	volume={3},
	number={4},
	pages={323--344},
	year={1987},
	publisher={IEEE}
}

@book{bradski2008learning,
	title={Learning OpenCV: Computer vision with the OpenCV library},
	author={Bradski, Gary and Kaehler, Adrian},
	year={2008},
	publisher={" O'Reilly Media, Inc."}
}



%------------------------------------------------------------------------
%%%%%%%%%%%%%%%%%%%%%%%%%%%%%%%%%%%%%%%%%%%%%
% ch3.
%%%%%%%%%%%%%%%%%%%%%%%%%%%%%%%%%%%%%%%%%%%%%
@book{Goodfellow-et-al-2016,
	title={Deep Learning},
	author={Ian Goodfellow and Yoshua Bengio and Aaron Courville},
	publisher={MIT Press},
	note={\url{http://www.deeplearningbook.org}},
	year={2016}
}

@article{lecun1989,
	title={Generalization and network design strategies},
	author={LeCun, Yann and others},
	journal={Connectionism in perspective},
	pages={143--155},
	year={1989},
	publisher={Zurich, Switzerland: Elsevier}
}

% 3.1 CNN
@inproceedings{maas2013rectifier,
	title={Rectifier nonlinearities improve neural network acoustic models},
	author={Maas, Andrew L and Hannun, Awni Y and Ng, Andrew Y},
	booktitle={Proc. ICML},
	volume={30},
	number={1},
	year={2013}
}

@article{bouvrie2006notes,
	title={Notes on convolutional neural networks},
	author={Bouvrie, Jake},
	year={2006}
}

% 3.2 YOLO
@inproceedings{redmon2016you,
	title={You only look once: Unified, real-time object detection},
	author={Redmon, Joseph and Divvala, Santosh and Girshick, Ross and Farhadi, Ali},
	booktitle={Proceedings of the IEEE Conference on Computer Vision and Pattern Recognition},
	pages={779--788},
	year={2016}
}

@inproceedings{szegedy2015going,
	title={Going deeper with convolutions},
	author={Szegedy, Christian and Liu, Wei and Jia, Yangqing and Sermanet, Pierre and Reed, Scott and Anguelov, Dragomir and Erhan, Dumitru and Vanhoucke, Vincent and Rabinovich, Andrew},
	booktitle={Proceedings of the IEEE conference on computer vision and pattern recognition},
	pages={1--9},
	year={2015}
}

% dropout
@article{hinton2012improving,
	title={Improving neural networks by preventing co-adaptation of feature detectors},
	author={Hinton, Geoffrey E and Srivastava, Nitish and Krizhevsky, Alex and Sutskever, Ilya and Salakhutdinov, Ruslan R},
	journal={arXiv preprint arXiv:1207.0580},
	year={2012}
}

@article{russakovsky2015imagenet,
	title={Imagenet large scale visual recognition challenge},
	author={Russakovsky, Olga and Deng, Jia and Su, Hao and Krause, Jonathan and Satheesh, Sanjeev and Ma, Sean and Huang, Zhiheng and Karpathy, Andrej and Khosla, Aditya and Bernstein, Michael and others},
	journal={International Journal of Computer Vision},
	volume={115},
	number={3},
	pages={211--252},
	year={2015},
	publisher={Springer}
}

% 3.3 实验结果
% tensorflow
@article{abadi2016tensorflow,
	title={Tensorflow: Large-scale machine learning on heterogeneous distributed systems},
	author={Abadi, Mart{\'\i}n and Agarwal, Ashish and Barham, Paul and Brevdo, Eugene and Chen, Zhifeng and Citro, Craig and Corrado, Greg S and Davis, Andy and Dean, Jeffrey and Devin, Matthieu and others},
	journal={arXiv preprint arXiv:1603.04467},
	year={2016}
}

%------------------------------------------------------------------------
%%%%%%%%%%%%%%%%%%%%%%%%%%%%%%%%%%%%%%%%%%%%%
% ch4.
%%%%%%%%%%%%%%%%%%%%%%%%%%%%%%%%%%%%%%%%%%%%%

@article{fischer2014descriptor,
	title={Descriptor matching with convolutional neural networks: a comparison to sift},
	author={Fischer, Philipp and Dosovitskiy, Alexey and Brox, Thomas},
	journal={arXiv preprint arXiv:1405.5769},
	year={2014}
}

%------------------------------------------------------------------------
% 4.0 立体匹配理论
@article{boykov2001fast,
	title={Fast approximate energy minimization via graph cuts},
	author={Boykov, Yuri and Veksler, Olga and Zabih, Ramin},
	journal={IEEE Transactions on pattern analysis and machine intelligence},
	volume={23},
	number={11},
	pages={1222--1239},
	year={2001},
	publisher={IEEE}
}

@article{sun2003stereo,
	title={Stereo matching using belief propagation},
	author={Sun, Jian and Zheng, Nan-Ning and Shum, Heung-Yeung},
	journal={IEEE Transactions on pattern analysis and machine intelligence},
	volume={25},
	number={7},
	pages={787--800},
	year={2003},
	publisher={IEEE}
}

@inproceedings{veksler2003fast,
	title={Fast variable window for stereo correspondence using integral images},
	author={Veksler, Olga},
	booktitle={Computer Vision and Pattern Recognition, 2003. Proceedings. 2003 IEEE Computer Society Conference on},
	volume={1},
	pages={I--I},
	year={2003},
	organization={IEEE}
}

@inproceedings{yoon2005locally,
	title={Locally adaptive support-weight approach for visual correspondence search},
	author={Yoon, Kuk-Jin and Kweon, In-So},
	booktitle={Computer Vision and Pattern Recognition, 2005. CVPR 2005. IEEE Computer Society Conference on},
	volume={2},
	pages={924--931},
	year={2005},
	organization={IEEE}
}

@article{zhang2009cross,
	title={Cross-based local stereo matching using orthogonal integral images},
	author={Zhang, Ke and Lu, Jiangbo and Lafruit, Gauthier},
	journal={IEEE transactions on circuits and systems for video technology},
	volume={19},
	number={7},
	pages={1073--1079},
	year={2009},
	publisher={IEEE}
}

%------------------------------------------------------------------------
% 4.1 网络结构

@inproceedings{dosovitskiy2015flownet,
	title={Flownet: Learning optical flow with convolutional networks},
	author={Dosovitskiy, Alexey and Fischer, Philipp and Ilg, Eddy and Hausser, Philip and Hazirbas, Caner and Golkov, Vladimir and van der Smagt, Patrick and Cremers, Daniel and Brox, Thomas},
	booktitle={Proceedings of the IEEE International Conference on Computer Vision},
	pages={2758--2766},
	year={2015}
}

@inproceedings{zeiler2011adaptive,
	title={Adaptive deconvolutional networks for mid and high level feature learning},
	author={Zeiler, Matthew D and Taylor, Graham W and Fergus, Rob},
	booktitle={Computer Vision (ICCV), 2011 IEEE International Conference on},
	pages={2018--2025},
	year={2011},
	organization={IEEE}
}

@inproceedings{zeiler2014visualizing,
	title={Visualizing and understanding convolutional networks},
	author={Zeiler, Matthew D and Fergus, Rob},
	booktitle={European conference on computer vision},
	pages={818--833},
	year={2014},
	organization={Springer}
}

@inproceedings{goodfellow2014generative,
	title={Generative adversarial nets},
	author={Goodfellow, Ian and Pouget-Abadie, Jean and Mirza, Mehdi and Xu, Bing and Warde-Farley, David and Ozair, Sherjil and Courville, Aaron and Bengio, Yoshua},
	booktitle={Advances in neural information processing systems},
	pages={2672--2680},
	year={2014}
}

%------------------------------------------------------------------------
% 4.2 网络训练
@article{abadi2016tensorflow,
	title={Tensorflow: Large-scale machine learning on heterogeneous distributed systems},
	author={Abadi, Mart{\'\i}n and Agarwal, Ashish and Barham, Paul and Brevdo, Eugene and Chen, Zhifeng and Citro, Craig and Corrado, Greg S and Davis, Andy and Dean, Jeffrey and Devin, Matthieu and others},
	journal={arXiv preprint arXiv:1603.04467},
	year={2016}
}

@article{kingma2014adam,
	title={Adam: A method for stochastic optimization},
	author={Kingma, Diederik and Ba, Jimmy},
	journal={arXiv preprint arXiv:1412.6980},
	year={2014}
}

%------------------------------------------------------------------------
% 4.3 实验结果
@phdthesis{陈拓2017CCNN,
	title={基于卷积神经网络的立体匹配技术研究},
	author={陈拓},
	school={浙江大学},
	year={2017},
}


